@comment{x-kbibtex-personnameformatting=<%l><, %f>}

@inbook{linux-pam-guide-ch2,
	chapter = "2. What can be expected by the module",
	crossref = "linux-pam-guide"
}

@manual{man_pam_unix,
	booktitle = "{Linux man page}",
	howpublished = "\url{http://linux.die.net/man/8/pam\_unix}",
	journal = "Manpages",
	series = "{Linux manpages}",
	title = "{pam\_unix(8) - Linux man pages}",
	url = "http://linux.die.net/man/8/pam_unix"
}

@manual{man_pam_ldap,
	booktitle = "{Linux man page}",
	howpublished = "\url{http://linux.die.net/man/5/pam\_ldap}",
	series = "{Linux manpages}",
	title = "{pam\_ldap(5) - Linux man pages}",
	url = "http://linux.die.net/man/5/pam_ldap"
}

@manual{man_pam_mkhomedir,
	author = "Gunthorpe, Jason",
	booktitle = "{Linux man page}",
	howpublished = "\url{http://linux.die.net/man/8/pam\_mkhomedir}",
	series = "{Linux manpages}",
	title = "{pam\_mkhomedir(8) - Linux man pages}",
	url = "http://linux.die.net/man/8/pam_mkhomedir"
}

@book{linux-pam-guide,
	author = "Morgan, Andrew G. and Kukuk, Thorsten",
	chapter = "1",
	edition = "1.1.2",
	howpublished = "\url{http://www.linux-pam.org/Linux-PAM-html/Linux-PAM\_MWG.html}",
	month = aug,
	publisher = "linux-pam.org",
	title = "{The Linux-PAM Module Writers' Guide}",
	url = "http://www.linux-pam.org/Linux-PAM-html/mwg-introduction-description.html",
	year = "2010"
}

